
    
<!-- don't lop: same lib same loc diff scheme -->
    <record>
        <leader>00928cam a2200229 a 4500</leader>
        <controlfield tag="001">adiffScheme</controlfield>
        <controlfield tag="008">870909s1986    enka          000 0 eng d</controlfield>
        <datafield tag="245" ind1="0" ind2="0">
            <subfield code="a">don't lop:  same lib same home locs but diff scheme</subfield>
        </datafield>
        <datafield tag="999" ind1=" " ind2=" ">
            <subfield code="a">E184.S75 R47 V.1</subfield>
            <subfield code="w">LCPER</subfield>
            <subfield code="c">1</subfield>
            <subfield code="i">36105007402878</subfield>
            <subfield code="l">STACKS</subfield>
            <subfield code="m">SAL3</subfield>
        </datafield>    
        <datafield tag="999" ind1=" " ind2=" ">
            <subfield code="a">352.042 .C594 ED.1</subfield>
            <subfield code="w">DEWEY</subfield>
            <subfield code="c">1</subfield>
            <subfield code="i">36105007402888</subfield>
            <subfield code="l">STACKS</subfield>
            <subfield code="m">SAL3</subfield>
        </datafield>    
    </record>