
    
    <record>
        <leader>00928cam a2200229 a 4500</leader>
        <controlfield tag="001">adeweyFlavors</controlfield>
        <controlfield tag="008">870909s1986    enka          000 0 eng d</controlfield>
        <datafield tag="245" ind1="0" ind2="0">
            <subfield code="a">lop: same lib, loc, and schemes DEWEY, DEWEYPER</subfield>
        </datafield>
        <datafield tag="999" ind1=" " ind2=" ">
            <subfield code="a">352.042 .C594 ED.1</subfield>
            <subfield code="w">DEWEY</subfield>
            <subfield code="c">1</subfield>
            <subfield code="i">36105007402870</subfield>
            <subfield code="l">STACKS</subfield>
            <subfield code="m">SAL3</subfield>
        </datafield>    
        <datafield tag="999" ind1=" " ind2=" ">
            <subfield code="a">352.042 .C594 ED.2</subfield>
            <subfield code="w">DEWEYPER</subfield>
            <subfield code="c">1</subfield>
            <subfield code="i">36105007402000</subfield>
            <subfield code="l">STACKS</subfield>
            <subfield code="m">SAL3</subfield>
        </datafield>    
    </record>