
    
<!-- should any of the other flavors go together?  alphanum and asis?  my assigned schemes in Item object (e.g.  incorrectLC, incorrectDewey ...) -->    
    
<!-- lop:  two 999 in same lib same trans loc -->    
    <record>
        <leader>00928cam a2200229 a 4500</leader>
        <controlfield tag="001">asameTransLoc</controlfield>
        <controlfield tag="008">870909s1986    enka          000 0 eng d</controlfield>
        <datafield tag="245" ind1="0" ind2="0">
            <subfield code="a">yes lop:  two 999 in same lib same translated home loc</subfield>
        </datafield>
        <datafield tag="999" ind1=" " ind2=" ">
            <subfield code="a">E184.S75 R47 V.1</subfield>
            <subfield code="w">LCPER</subfield>
            <subfield code="c">1</subfield>
            <subfield code="i">36105007402871</subfield>
            <subfield code="l">STACKS</subfield>
            <subfield code="m">GREEN</subfield>
        </datafield>    
        <datafield tag="999" ind1=" " ind2=" ">
            <subfield code="a">E184.S75 R47 V.2</subfield>
            <subfield code="w">LCPER</subfield>
            <subfield code="c">1</subfield>
            <subfield code="i">36105007402111</subfield>
            <subfield code="l">STACKS-1</subfield>
            <subfield code="m">GREEN</subfield>
        </datafield>    
    </record>