
    
<!-- skipped call numbers -->
    <record>
        <leader>00928cam a2200229 a 4500</leader>
        <controlfield tag="001">askippedCallnum</controlfield>
        <controlfield tag="008">870909s1986    enka          000 0 eng d</controlfield>
        <datafield tag="245" ind1="0" ind2="0">
            <subfield code="a">don't lop - one callnum is skipped</subfield>
        </datafield>
        <datafield tag="999" ind1=" " ind2=" ">
            <subfield code="a">NO CALL NUMBER</subfield>
            <subfield code="w">LC</subfield>
            <subfield code="c">1</subfield>
            <subfield code="i">111</subfield>
            <subfield code="l">STACKS</subfield>
            <subfield code="m">GREEN</subfield>
        </datafield>
        <datafield tag="999" ind1=" " ind2=" ">
            <subfield code="a">E184.S75 R47 V.1</subfield>
            <subfield code="w">LC</subfield>
            <subfield code="c">1</subfield>
            <subfield code="i">222</subfield>
            <subfield code="l">STACKS</subfield>
            <subfield code="m">GREEN</subfield>
        </datafield>    
    </record>

</collection>
